<?xml version="1.0" encoding="UTF-8"?>
  <record xmlns="http://www.loc.gov/MARC21/slim" type="Authority">
    <leader>00000nz  a2200000nc 4500</leader>
    <controlfield tag="001">11861438X</controlfield>
    <controlfield tag="003">DE-101</controlfield>
    <controlfield tag="005">20220311162730.0</controlfield>
    <controlfield tag="008">880701n||azznnaabn           | aaa    |c</controlfield>
    <datafield tag="024" ind1="7" ind2=" ">
      <subfield code="a">11861438X</subfield>
      <subfield code="0">http://d-nb.info/gnd/11861438X</subfield>
      <subfield code="2">gnd</subfield>
    </datafield>
    <datafield tag="035" ind1=" " ind2=" ">
      <subfield code="a">(DE-101)11861438X</subfield>
    </datafield>
    <datafield tag="035" ind1=" " ind2=" ">
      <subfield code="a">(DE-588)11861438X</subfield>
    </datafield>
    <datafield tag="035" ind1=" " ind2=" ">
      <subfield code="z">(DE-588)108988401X</subfield>
    </datafield>
    <datafield tag="035" ind1=" " ind2=" ">
      <subfield code="z">(DE-588)188027491</subfield>
    </datafield>
    <datafield tag="035" ind1=" " ind2=" ">
      <subfield code="z">(DE-588a)188027491</subfield>
      <subfield code="9">v:zg</subfield>
    </datafield>
    <datafield tag="035" ind1=" " ind2=" ">
      <subfield code="z">(DE-588)186794061</subfield>
    </datafield>
    <datafield tag="035" ind1=" " ind2=" ">
      <subfield code="z">(DE-588a)186794061</subfield>
      <subfield code="9">v:zg</subfield>
    </datafield>
    <datafield tag="035" ind1=" " ind2=" ">
      <subfield code="z">(DE-588)18660758X</subfield>
    </datafield>
    <datafield tag="035" ind1=" " ind2=" ">
      <subfield code="z">(DE-588a)18660758X</subfield>
      <subfield code="9">v:zg</subfield>
    </datafield>
    <datafield tag="035" ind1=" " ind2=" ">
      <subfield code="z">(DE-588)183569040</subfield>
    </datafield>
    <datafield tag="035" ind1=" " ind2=" ">
      <subfield code="z">(DE-588a)183569040</subfield>
      <subfield code="9">v:zg</subfield>
    </datafield>
    <datafield tag="035" ind1=" " ind2=" ">
      <subfield code="z">(DE-588)177617152</subfield>
    </datafield>
    <datafield tag="035" ind1=" " ind2=" ">
      <subfield code="z">(DE-588a)177617152</subfield>
      <subfield code="9">v:zg</subfield>
    </datafield>
    <datafield tag="035" ind1=" " ind2=" ">
      <subfield code="z">(DE-588a)11861438X</subfield>
      <subfield code="9">v:zg</subfield>
    </datafield>
    <datafield tag="035" ind1=" " ind2=" ">
      <subfield code="z">(DE-588a)107482401</subfield>
    </datafield>
    <datafield tag="035" ind1=" " ind2=" ">
      <subfield code="z">(DE-588c)4055021-7</subfield>
      <subfield code="9">v:zg</subfield>
    </datafield>
    <datafield tag="040" ind1=" " ind2=" ">
      <subfield code="a">DE-101</subfield>
      <subfield code="c">DE-101</subfield>
      <subfield code="9">r:DE-101</subfield>
      <subfield code="b">ger</subfield>
      <subfield code="d">9999</subfield>
      <subfield code="e">rda</subfield>
    </datafield>
    <datafield tag="042" ind1=" " ind2=" ">
      <subfield code="a">gnd1</subfield>
    </datafield>
    <datafield tag="043" ind1=" " ind2=" ">
      <subfield code="c">XA-FR</subfield>
      <subfield code="c">XA-VA</subfield>
    </datafield>
    <datafield tag="065" ind1=" " ind2=" ">
      <subfield code="a">3.6p</subfield>
      <subfield code="2">sswd</subfield>
    </datafield>
    <datafield tag="065" ind1=" " ind2=" ">
      <subfield code="a">16.5p</subfield>
      <subfield code="2">sswd</subfield>
    </datafield>
    <datafield tag="075" ind1=" " ind2=" ">
      <subfield code="b">p</subfield>
      <subfield code="2">gndgen</subfield>
    </datafield>
    <datafield tag="075" ind1=" " ind2=" ">
      <subfield code="b">piz</subfield>
      <subfield code="2">gndspec</subfield>
    </datafield>
    <datafield tag="079" ind1=" " ind2=" ">
      <subfield code="a">g</subfield>
      <subfield code="q">s</subfield>
      <subfield code="q">f</subfield>
      <subfield code="q">n</subfield>
      <subfield code="q">l</subfield>
      <subfield code="q">o</subfield>
      <subfield code="u">v</subfield>
      <subfield code="u">w</subfield>
    </datafield>
    <datafield tag="100" ind1="0" ind2=" ">
      <subfield code="a">Silvester</subfield>
      <subfield code="b">II.</subfield>
      <subfield code="c">Papst</subfield>
      <subfield code="d">950-1003</subfield>
    </datafield>
    <datafield tag="375" ind1=" " ind2=" ">
      <subfield code="a">1</subfield>
      <subfield code="2">iso5218</subfield>
    </datafield>
    <datafield tag="400" ind1="0" ind2=" ">
      <subfield code="a">Silvester</subfield>
      <subfield code="b">II.</subfield>
      <subfield code="c">Papa</subfield>
      <subfield code="d">950-1003</subfield>
    </datafield>
    <datafield tag="400" ind1="0" ind2=" ">
      <subfield code="9">L:eng</subfield>
      <subfield code="a">Silvester</subfield>
      <subfield code="b">II</subfield>
      <subfield code="c">Pope</subfield>
      <subfield code="d">950-1003</subfield>
      <subfield code="5">CH-GND</subfield>
    </datafield>
    <datafield tag="400" ind1="0" ind2=" ">
      <subfield code="9">L:fre</subfield>
      <subfield code="a">Silvester</subfield>
      <subfield code="b">II</subfield>
      <subfield code="c">Pape</subfield>
      <subfield code="d">950-1003</subfield>
      <subfield code="5">CH-GND</subfield>
    </datafield>
    <datafield tag="400" ind1="0" ind2=" ">
      <subfield code="a">Sylvester</subfield>
      <subfield code="b">II.</subfield>
      <subfield code="c">Papst</subfield>
      <subfield code="d">950-1003</subfield>
    </datafield>
    <datafield tag="400" ind1="0" ind2=" ">
      <subfield code="a">Sylvestre</subfield>
      <subfield code="b">II.</subfield>
      <subfield code="c">Pape</subfield>
      <subfield code="d">950-1003</subfield>
    </datafield>
    <datafield tag="400" ind1="0" ind2=" ">
      <subfield code="a">Silvestro</subfield>
      <subfield code="b">II.</subfield>
      <subfield code="c">Papa</subfield>
      <subfield code="d">950-1003</subfield>
    </datafield>
    <datafield tag="400" ind1="0" ind2=" ">
      <subfield code="a">Sylvestro</subfield>
      <subfield code="b">II.</subfield>
      <subfield code="c">Papa</subfield>
      <subfield code="d">950-1003</subfield>
    </datafield>
    <datafield tag="400" ind1="0" ind2=" ">
      <subfield code="a">Sylvester</subfield>
      <subfield code="b">II.</subfield>
      <subfield code="c">Papa</subfield>
      <subfield code="d">950-1003</subfield>
    </datafield>
    <datafield tag="400" ind1="0" ind2=" ">
      <subfield code="a">Gerbertus</subfield>
      <subfield code="c">de Aurillac</subfield>
      <subfield code="d">950-1003</subfield>
    </datafield>
    <datafield tag="400" ind1="0" ind2=" ">
      <subfield code="a">Gerbertus</subfield>
      <subfield code="d">950-1003</subfield>
    </datafield>
    <datafield tag="400" ind1="0" ind2=" ">
      <subfield code="a">Gerbert</subfield>
      <subfield code="c">De Reims</subfield>
      <subfield code="d">950-1003</subfield>
    </datafield>
    <datafield tag="400" ind1="0" ind2=" ">
      <subfield code="a">Gerbert</subfield>
      <subfield code="c">von Aurillac</subfield>
      <subfield code="d">950-1003</subfield>
    </datafield>
    <datafield tag="400" ind1="0" ind2=" ">
      <subfield code="a">Gerberto</subfield>
      <subfield code="c">Dell'Alvernia</subfield>
      <subfield code="d">950-1003</subfield>
    </datafield>
    <datafield tag="400" ind1="0" ind2=" ">
      <subfield code="a">Gerbertus</subfield>
      <subfield code="c">de Aureliaco</subfield>
      <subfield code="d">950-1003</subfield>
    </datafield>
    <datafield tag="400" ind1="0" ind2=" ">
      <subfield code="a">Silvestro</subfield>
      <subfield code="c">Papa, Ii.</subfield>
      <subfield code="d">950-1003</subfield>
    </datafield>
    <datafield tag="400" ind1="0" ind2=" ">
      <subfield code="a">Sylvester</subfield>
      <subfield code="c">Papst, Ii.</subfield>
      <subfield code="d">950-1003</subfield>
    </datafield>
    <datafield tag="400" ind1="0" ind2=" ">
      <subfield code="a">Sylvestre</subfield>
      <subfield code="c">Pape, Ii.</subfield>
      <subfield code="d">950-1003</subfield>
    </datafield>
    <datafield tag="400" ind1="0" ind2=" ">
      <subfield code="a">Sylvestro</subfield>
      <subfield code="c">Papa, Ii.</subfield>
      <subfield code="d">950-1003</subfield>
    </datafield>
    <datafield tag="400" ind1="0" ind2=" ">
      <subfield code="a">Gerbert</subfield>
      <subfield code="c">Von Reims</subfield>
      <subfield code="d">950-1003</subfield>
    </datafield>
    <datafield tag="400" ind1="0" ind2=" ">
      <subfield code="a">Pseudo-Gerbertus</subfield>
      <subfield code="c">Remensis</subfield>
      <subfield code="d">950-1003</subfield>
    </datafield>
    <datafield tag="400" ind1="0" ind2=" ">
      <subfield code="a">Gerbert</subfield>
      <subfield code="c">von Aurillac</subfield>
      <subfield code="d">950-1003</subfield>
    </datafield>
    <datafield tag="400" ind1="0" ind2=" ">
      <subfield code="a">Gerbert</subfield>
      <subfield code="c">von Reims</subfield>
      <subfield code="d">950-1003</subfield>
    </datafield>
    <datafield tag="400" ind1="0" ind2=" ">
      <subfield code="a">Gerbert</subfield>
      <subfield code="c">de Reims</subfield>
      <subfield code="d">950-1003</subfield>
    </datafield>
    <datafield tag="400" ind1="0" ind2=" ">
      <subfield code="a">Gerbertus</subfield>
      <subfield code="c">Remensis</subfield>
      <subfield code="d">950-1003</subfield>
    </datafield>
    <datafield tag="400" ind1="0" ind2=" ">
      <subfield code="a">Gerbertus</subfield>
      <subfield code="c">Ravennatensis</subfield>
      <subfield code="d">950-1003</subfield>
    </datafield>
    <datafield tag="400" ind1="0" ind2=" ">
      <subfield code="a">Gerbertus</subfield>
      <subfield code="c">Archiepiscopus</subfield>
      <subfield code="d">950-1003</subfield>
    </datafield>
    <datafield tag="400" ind1="0" ind2=" ">
      <subfield code="a">Gerberto</subfield>
      <subfield code="c">dell'Alvernia</subfield>
      <subfield code="d">950-1003</subfield>
    </datafield>
    <datafield tag="400" ind1="0" ind2=" ">
      <subfield code="a">Gerbertus</subfield>
      <subfield code="c">Aureliacensis</subfield>
      <subfield code="d">950-1003</subfield>
    </datafield>
    <datafield tag="400" ind1="0" ind2=" ">
      <subfield code="a">Gerbert</subfield>
      <subfield code="c">d'Aurillac</subfield>
      <subfield code="d">950-1003</subfield>
    </datafield>
    <datafield tag="400" ind1="0" ind2=" ">
      <subfield code="a">Gerbert</subfield>
      <subfield code="c">D'Aurillac</subfield>
      <subfield code="d">950-1003</subfield>
    </datafield>
    <datafield tag="400" ind1="0" ind2=" ">
      <subfield code="a">Sylvester</subfield>
      <subfield code="b">II</subfield>
      <subfield code="c">Pape</subfield>
      <subfield code="d">950-1003</subfield>
    </datafield>
    <datafield tag="400" ind1="0" ind2=" ">
      <subfield code="a">Sylvester</subfield>
      <subfield code="b">II</subfield>
      <subfield code="c">Papst</subfield>
      <subfield code="d">950-1003</subfield>
    </datafield>
    <datafield tag="400" ind1="0" ind2=" ">
      <subfield code="a">Silvestro</subfield>
      <subfield code="b">II</subfield>
      <subfield code="c">Papst</subfield>
      <subfield code="d">950-1003</subfield>
    </datafield>
    <datafield tag="400" ind1="0" ind2=" ">
      <subfield code="a">Silvestro</subfield>
      <subfield code="b">II</subfield>
      <subfield code="c">Pape</subfield>
      <subfield code="d">950-1003</subfield>
    </datafield>
    <datafield tag="400" ind1="0" ind2=" ">
      <subfield code="a">Silvestro</subfield>
      <subfield code="b">II</subfield>
      <subfield code="c">Pope</subfield>
      <subfield code="d">950-1003</subfield>
    </datafield>
    <datafield tag="400" ind1="0" ind2=" ">
      <subfield code="a">Sylvestre</subfield>
      <subfield code="b">II</subfield>
      <subfield code="c">Papst</subfield>
      <subfield code="d">950-1003</subfield>
    </datafield>
    <datafield tag="400" ind1="0" ind2=" ">
      <subfield code="a">Sylvestre</subfield>
      <subfield code="b">II</subfield>
      <subfield code="c">Pape</subfield>
      <subfield code="d">950-1003</subfield>
    </datafield>
    <datafield tag="400" ind1="0" ind2=" ">
      <subfield code="a">Sylvestre</subfield>
      <subfield code="b">II</subfield>
      <subfield code="c">Pope</subfield>
      <subfield code="d">950-1003</subfield>
    </datafield>
    <datafield tag="400" ind1="0" ind2=" ">
      <subfield code="a">Sylvestro</subfield>
      <subfield code="b">II</subfield>
      <subfield code="c">Papst</subfield>
      <subfield code="d">950-1003</subfield>
    </datafield>
    <datafield tag="400" ind1="0" ind2=" ">
      <subfield code="a">Sylvestro</subfield>
      <subfield code="b">II</subfield>
      <subfield code="c">Pape</subfield>
      <subfield code="d">950-1003</subfield>
    </datafield>
    <datafield tag="400" ind1="0" ind2=" ">
      <subfield code="a">Sylvestro</subfield>
      <subfield code="b">II</subfield>
      <subfield code="c">Pope</subfield>
      <subfield code="d">950-1003</subfield>
    </datafield>
    <datafield tag="400" ind1="0" ind2=" ">
      <subfield code="a">Silvester</subfield>
      <subfield code="b">II</subfield>
      <subfield code="c">Papa</subfield>
      <subfield code="d">950-1003</subfield>
    </datafield>
    <datafield tag="400" ind1="0" ind2=" ">
      <subfield code="a">Silvester</subfield>
      <subfield code="b">II</subfield>
      <subfield code="c">Papst</subfield>
      <subfield code="d">950-1003</subfield>
    </datafield>
    <datafield tag="400" ind1="0" ind2=" ">
      <subfield code="a">Silvestro</subfield>
      <subfield code="b">II</subfield>
      <subfield code="c">Papa</subfield>
      <subfield code="d">950-1003</subfield>
    </datafield>
    <datafield tag="400" ind1="0" ind2=" ">
      <subfield code="a">Sylvestro</subfield>
      <subfield code="b">II</subfield>
      <subfield code="c">Papa</subfield>
      <subfield code="d">950-1003</subfield>
    </datafield>
    <datafield tag="400" ind1="0" ind2=" ">
      <subfield code="a">Sylvester</subfield>
      <subfield code="b">II</subfield>
      <subfield code="c">Pope</subfield>
      <subfield code="d">950-1003</subfield>
    </datafield>
    <datafield tag="500" ind1="0" ind2=" ">
      <subfield code="0">(DE-101)1081568089</subfield>
      <subfield code="0">(DE-588)1081568089</subfield>
      <subfield code="0">https://d-nb.info/gnd/1081568089</subfield>
      <subfield code="a">Hatto</subfield>
      <subfield code="c">von Vich</subfield>
      <subfield code="d">-971</subfield>
      <subfield code="4">beza</subfield>
      <subfield code="4">https://d-nb.info/standards/elementset/gnd#acquaintanceshipOrFriendship</subfield>
      <subfield code="w">r</subfield>
      <subfield code="i">Bekanntschaft</subfield>
      <subfield code="e">Bekanntschaft</subfield>
      <subfield code="9">v:Lehrer</subfield>
    </datafield>
    <datafield tag="548" ind1=" " ind2=" ">
      <subfield code="a">950-1003</subfield>
      <subfield code="4">datl</subfield>
      <subfield code="4">https://d-nb.info/standards/elementset/gnd#dateOfBirthAndDeath</subfield>
      <subfield code="w">r</subfield>
      <subfield code="i">Lebensdaten</subfield>
      <subfield code="9">v:Geburtsjahr ca.</subfield>
    </datafield>
    <datafield tag="548" ind1=" " ind2=" ">
      <subfield code="a">XX.XX.950-12.05.1003</subfield>
      <subfield code="4">datx</subfield>
      <subfield code="4">https://d-nb.info/standards/elementset/gnd#dateOfBirthAndDeath</subfield>
      <subfield code="w">r</subfield>
      <subfield code="i">Exakte Lebensdaten</subfield>
    </datafield>
    <datafield tag="550" ind1=" " ind2=" ">
      <subfield code="0">(DE-101)040445615</subfield>
      <subfield code="0">(DE-588)4044561-6</subfield>
      <subfield code="0">https://d-nb.info/gnd/4044561-6</subfield>
      <subfield code="a">Papst</subfield>
      <subfield code="4">berc</subfield>
      <subfield code="4">https://d-nb.info/standards/elementset/gnd#professionOrOccupation</subfield>
      <subfield code="w">r</subfield>
      <subfield code="i">Charakteristischer Beruf</subfield>
    </datafield>
    <datafield tag="550" ind1=" " ind2=" ">
      <subfield code="0">(DE-101)041371844</subfield>
      <subfield code="0">(DE-588)4137184-7</subfield>
      <subfield code="0">https://d-nb.info/gnd/4137184-7</subfield>
      <subfield code="a">Geistlicher</subfield>
      <subfield code="4">beru</subfield>
      <subfield code="4">https://d-nb.info/standards/elementset/gnd#professionOrOccupation</subfield>
      <subfield code="w">r</subfield>
      <subfield code="i">Beruf</subfield>
    </datafield>
    <datafield tag="550" ind1=" " ind2=" ">
      <subfield code="0">(DE-101)040379450</subfield>
      <subfield code="0">(DE-588)4037945-0</subfield>
      <subfield code="0">https://d-nb.info/gnd/4037945-0</subfield>
      <subfield code="a">Mathematiker</subfield>
      <subfield code="4">beru</subfield>
      <subfield code="4">https://d-nb.info/standards/elementset/gnd#professionOrOccupation</subfield>
      <subfield code="w">r</subfield>
      <subfield code="i">Beruf</subfield>
    </datafield>
    <datafield tag="551" ind1=" " ind2=" ">
      <subfield code="0">(DE-101)04002525X</subfield>
      <subfield code="0">(DE-588)4002525-1</subfield>
      <subfield code="0">https://d-nb.info/gnd/4002525-1</subfield>
      <subfield code="a">Aquitanien</subfield>
      <subfield code="4">ortg</subfield>
      <subfield code="4">https://d-nb.info/standards/elementset/gnd#placeOfBirth</subfield>
      <subfield code="w">r</subfield>
      <subfield code="i">Geburtsort</subfield>
    </datafield>
    <datafield tag="551" ind1=" " ind2=" ">
      <subfield code="0">(DE-101)040504719</subfield>
      <subfield code="0">(DE-588)4050471-2</subfield>
      <subfield code="0">https://d-nb.info/gnd/4050471-2</subfield>
      <subfield code="a">Rom</subfield>
      <subfield code="4">orts</subfield>
      <subfield code="4">https://d-nb.info/standards/elementset/gnd#placeOfDeath</subfield>
      <subfield code="w">r</subfield>
      <subfield code="i">Sterbeort</subfield>
    </datafield>
    <datafield tag="670" ind1=" " ind2=" ">
      <subfield code="a">Brockhaus</subfield>
      <subfield code="b">Stand: 22.03.2021</subfield>
      <subfield code="u">https://brockhaus-1de-10082b6u40116.emedia1.bsb-muenchen.de/ecs/enzy/article/silvester-silvester-ii</subfield>
    </datafield>
    <datafield tag="670" ind1=" " ind2=" ">
      <subfield code="a">Wikipedia</subfield>
      <subfield code="b">Stand:18.5.2017</subfield>
      <subfield code="u">https://de.wikipedia.org/wiki/Silvester_II.</subfield>
    </datafield>
    <datafield tag="670" ind1=" " ind2=" ">
      <subfield code="a">M; CSGL;NDB/ADB-online</subfield>
    </datafield>
    <datafield tag="670" ind1=" " ind2=" ">
      <subfield code="a">PND</subfield>
    </datafield>
    <datafield tag="672" ind1=" " ind2="0">
      <subfield code="a">Libellus de corpore et sanguine Domini. - [ca. 1725]</subfield>
    </datafield>
    <datafield tag="672" ind1=" " ind2="0">
      <subfield code="a">Gerberti epistolae</subfield>
      <subfield code="f">1611</subfield>
    </datafield>
    <datafield tag="672" ind1=" " ind2="0">
      <subfield code="a">Geometria. - [ca. 1725]</subfield>
    </datafield>
    <datafield tag="672" ind1=" " ind2="0">
      <subfield code="a">De rationali et ratione uti libellus. - [ca. 1725]</subfield>
    </datafield>
    <datafield tag="672" ind1=" " ind2="0">
      <subfield code="a">Opera mathematica</subfield>
      <subfield code="f">1899</subfield>
    </datafield>
    <datafield tag="672" ind1=" " ind2="0">
      <subfield code="a">Geometria</subfield>
      <subfield code="f">1721</subfield>
    </datafield>
    <datafield tag="672" ind1=" " ind2="0">
      <subfield code="a">Lettres (983-997)</subfield>
      <subfield code="f">1889</subfield>
    </datafield>
    <datafield tag="678" ind1=" " ind2=" ">
      <subfield code="b">999-1003 Papst</subfield>
    </datafield>
    <datafield tag="913" ind1=" " ind2=" ">
      <subfield code="S">pnd</subfield>
      <subfield code="i">5</subfield>
      <subfield code="a">Silvester &lt;Papa, II.&gt;</subfield>
      <subfield code="0">(DE-588a)11861438X</subfield>
    </datafield>
    <datafield tag="913" ind1=" " ind2=" ">
      <subfield code="S">pnd</subfield>
      <subfield code="i">5</subfield>
      <subfield code="a">Silvester &lt;Papst, II.&gt;</subfield>
      <subfield code="0">(DE-588a)11861438X</subfield>
    </datafield>
    <datafield tag="913" ind1=" " ind2=" ">
      <subfield code="S">pnd</subfield>
      <subfield code="i">5</subfield>
      <subfield code="a">Silvester &lt;Papa II.&gt;</subfield>
      <subfield code="0">(DE-588a)177617152</subfield>
    </datafield>
    <datafield tag="913" ind1=" " ind2=" ">
      <subfield code="S">pnd</subfield>
      <subfield code="i">5</subfield>
      <subfield code="a">Silvester Ii</subfield>
      <subfield code="0">(DE-588a)183569040</subfield>
    </datafield>
    <datafield tag="913" ind1=" " ind2=" ">
      <subfield code="S">pnd</subfield>
      <subfield code="i">5</subfield>
      <subfield code="a">Silvester &lt;Papa, Ii.&gt;</subfield>
      <subfield code="0">(DE-588a)18660758X</subfield>
    </datafield>
    <datafield tag="913" ind1=" " ind2=" ">
      <subfield code="S">pnd</subfield>
      <subfield code="i">5</subfield>
      <subfield code="a">Gerbertus</subfield>
      <subfield code="0">(DE-588a)186794061</subfield>
    </datafield>
    <datafield tag="913" ind1=" " ind2=" ">
      <subfield code="S">pnd</subfield>
      <subfield code="i">5</subfield>
      <subfield code="a">Gerbertus &lt;Aureliacensis&gt;</subfield>
      <subfield code="0">(DE-588a)188027491</subfield>
    </datafield>
  </record>
